<?xml version="1.0" encoding="UTF-8"?>
<OAI-PMH xmlns="http://www.openarchives.org/OAI/2.0/" xmlns:xsi="http://www.w3.org/2001/XMLSchema-instance" xsi:schemaLocation="http://www.openarchives.org/OAI/2.0/ http://www.openarchives.org/OAI/2.0/OAI-PMH.xsd">
  <responseDate>2012-06-05T18:30:23Z</responseDate>
  <request verb="ListRecords" from="2012-06-05T18:28:35Z" metadataPrefix="marc21">http://localhost:8080/OAIToolkit/oai-request.do</request>
  <ListRecords>
    <record>
      <header status="deleted">
        <identifier>oai:library.rochester.edu:URVoyager1/4</identifier>
        <datestamp>2012-06-05T18:30:03Z</datestamp>
        <setSpec>bib</setSpec>
      </header>
    </record>
    <record>
      <header status="deleted">
        <identifier>oai:library.rochester.edu:URVoyager1/5</identifier>
        <datestamp>2012-06-05T18:30:03Z</datestamp>
        <setSpec>hold</setSpec>
      </header>
    </record>
    <record>
      <header status="deleted">
        <identifier>oai:library.rochester.edu:URVoyager1/6</identifier>
        <datestamp>2012-06-05T18:30:03Z</datestamp>
        <setSpec>hold</setSpec>
      </header>
    </record>
    <record>
      <header status="deleted">
        <identifier>oai:library.rochester.edu:URVoyager1/7</identifier>
        <datestamp>2012-06-05T18:30:03Z</datestamp>
        <setSpec>hold</setSpec>
      </header>
    </record>
    <record>
      <header status="deleted">
        <identifier>oai:library.rochester.edu:URVoyager1/8</identifier>
        <datestamp>2012-06-05T18:30:03Z</datestamp>
        <setSpec>hold</setSpec>
      </header>
    </record>
    <record>
      <header status="deleted">
        <identifier>oai:library.rochester.edu:URVoyager1/235</identifier>
        <datestamp>2012-06-05T18:30:03Z</datestamp>
        <setSpec>bib</setSpec>
      </header>
    </record>
    <record>
      <header status="deleted">
        <identifier>oai:library.rochester.edu:URVoyager1/236</identifier>
        <datestamp>2012-06-05T18:30:03Z</datestamp>
        <setSpec>hold</setSpec>
      </header>
    </record>
    <record>
      <header status="deleted">
        <identifier>oai:library.rochester.edu:URVoyager1/319</identifier>
        <datestamp>2012-06-05T18:30:03Z</datestamp>
        <setSpec>bib</setSpec>
      </header>
    </record>
    <record>
      <header status="deleted">
        <identifier>oai:library.rochester.edu:URVoyager1/320</identifier>
        <datestamp>2012-06-05T18:30:03Z</datestamp>
        <setSpec>hold</setSpec>
      </header>
    </record>
    <record>
      <header status="deleted">
        <identifier>oai:library.rochester.edu:URVoyager1/321</identifier>
        <datestamp>2012-06-05T18:30:03Z</datestamp>
        <setSpec>hold</setSpec>
      </header>
    </record>
    <record>
      <header status="deleted">
        <identifier>oai:library.rochester.edu:URVoyager1/322</identifier>
        <datestamp>2012-06-05T18:30:03Z</datestamp>
        <setSpec>hold</setSpec>
      </header>
    </record>
    <record>
      <header>
        <identifier>oai:library.rochester.edu:URVoyager1/335</identifier>
        <datestamp>2012-06-05T18:30:02Z</datestamp>
        <setSpec>bib</setSpec>
      </header>
      <metadata>
        <marc:record xmlns:marc="http://www.loc.gov/MARC21/slim" xmlns:xsi="http://www.w3.org/2001/XMLSchema-instance" xsi:schemaLocation="http://www.loc.gov/MARC21/slim http://localhost:8080/OAIToolkit/schema/MARC21slim_custom.xsd">
          <marc:leader>01241cam a22003498a 4500</marc:leader>
          <marc:controlfield tag="001">62833</marc:controlfield>
          <marc:controlfield tag="003">AUGdb</marc:controlfield>
          <marc:controlfield tag="005">20090407102812.0</marc:controlfield>
          <marc:controlfield tag="008">990727s2000    nyu    c      000 1 eng  </marc:controlfield>
          <marc:datafield tag="010" ind1=" " ind2=" ">
            <marc:subfield code="a">   99042699</marc:subfield>
          </marc:datafield>
          <marc:datafield tag="020" ind1=" " ind2=" ">
            <marc:subfield code="a">0060277300</marc:subfield>
          </marc:datafield>
          <marc:datafield tag="020" ind1=" " ind2=" ">
            <marc:subfield code="a">0060277319 (lib. bdg.)</marc:subfield>
          </marc:datafield>
          <marc:datafield tag="040" ind1=" " ind2=" ">
            <marc:subfield code="a">DLC</marc:subfield>
            <marc:subfield code="c">DLC</marc:subfield>
            <marc:subfield code="d">OCJ</marc:subfield>
            <marc:subfield code="d">IOS</marc:subfield>
          </marc:datafield>
          <marc:datafield tag="042" ind1=" " ind2=" ">
            <marc:subfield code="a">lcac</marc:subfield>
          </marc:datafield>
          <marc:datafield tag="049" ind1=" " ind2=" ">
            <marc:subfield code="a">IOSA</marc:subfield>
          </marc:datafield>
          <marc:datafield tag="050" ind1="0" ind2="0">
            <marc:subfield code="a">PZ7.C8615</marc:subfield>
            <marc:subfield code="b">Wan 2000</marc:subfield>
          </marc:datafield>
          <marc:datafield tag="082" ind1="0" ind2="0">
            <marc:subfield code="a">[Fic]</marc:subfield>
            <marc:subfield code="2">21</marc:subfield>
          </marc:datafield>
          <marc:datafield tag="090" ind1=" " ind2=" ">
            <marc:subfield code="a">PZ7.C861</marc:subfield>
            <marc:subfield code="b">W36 2000</marc:subfield>
          </marc:datafield>
          <marc:datafield tag="100" ind1="1" ind2=" ">
            <marc:subfield code="a">Creech, Sharon.</marc:subfield>
          </marc:datafield>
          <marc:datafield tag="245" ind1="1" ind2="4">
            <marc:subfield code="a">The Wanderer /</marc:subfield>
            <marc:subfield code="c">by Sharon Creech ; drawings by David Diaz.</marc:subfield>
          </marc:datafield>
          <marc:datafield tag="260" ind1=" " ind2=" ">
            <marc:subfield code="a">New York :</marc:subfield>
            <marc:subfield code="b">HarperCollinsPublishers,</marc:subfield>
            <marc:subfield code="c">2000.</marc:subfield>
          </marc:datafield>
          <marc:datafield tag="300" ind1=" " ind2=" ">
            <marc:subfield code="a">305 p. ;</marc:subfield>
            <marc:subfield code="c">22 cm.</marc:subfield>
          </marc:datafield>
          <marc:datafield tag="500" ind1=" " ind2=" ">
            <marc:subfield code="a">"Joanna Cotler books."</marc:subfield>
          </marc:datafield>
          <marc:datafield tag="520" ind1=" " ind2=" ">
            <marc:subfield code="a">Thirteen-year-old Sophie and her cousin Cody record their transatlantic crossing aboard the Wanderer, a forty-five foot sailboat, which, along with uncles and another cousin, is en route to visit their grandfather in England.</marc:subfield>
          </marc:datafield>
          <marc:datafield tag="586" ind1=" " ind2=" ">
            <marc:subfield code="a">Newbery Honor Book, 2001</marc:subfield>
          </marc:datafield>
          <marc:datafield tag="586" ind1=" " ind2=" ">
            <marc:subfield code="a">American Library Association Notable Children's Books, Older Readers, 2001</marc:subfield>
          </marc:datafield>
          <marc:datafield tag="650" ind1=" " ind2="1">
            <marc:subfield code="a">Sailboats</marc:subfield>
            <marc:subfield code="v">Fiction.</marc:subfield>
          </marc:datafield>
          <marc:datafield tag="650" ind1=" " ind2="1">
            <marc:subfield code="a">Sailing</marc:subfield>
            <marc:subfield code="v">Fiction.</marc:subfield>
          </marc:datafield>
          <marc:datafield tag="650" ind1=" " ind2="1">
            <marc:subfield code="a">Ocean voyages</marc:subfield>
            <marc:subfield code="v">Fiction.</marc:subfield>
          </marc:datafield>
          <marc:datafield tag="650" ind1=" " ind2="1">
            <marc:subfield code="a">Family life</marc:subfield>
            <marc:subfield code="v">Fiction.</marc:subfield>
          </marc:datafield>
          <marc:datafield tag="650" ind1=" " ind2="1">
            <marc:subfield code="a">Grandfathers</marc:subfield>
            <marc:subfield code="v">Fiction.</marc:subfield>
          </marc:datafield>
          <marc:datafield tag="650" ind1=" " ind2="1">
            <marc:subfield code="a">Sea stories.</marc:subfield>
          </marc:datafield>
        </marc:record>
      </metadata>
    </record>
    <record>
      <header>
        <identifier>oai:library.rochester.edu:URVoyager1/336</identifier>
        <datestamp>2012-06-05T18:30:02Z</datestamp>
        <setSpec>hold</setSpec>
      </header>
      <metadata>
        <marc:record xmlns:marc="http://www.loc.gov/MARC21/slim" xmlns:xsi="http://www.w3.org/2001/XMLSchema-instance" xsi:schemaLocation="http://www.loc.gov/MARC21/slim http://localhost:8080/OAIToolkit/schema/MARC21slim_custom.xsd">
          <marc:leader>00212cx  a22000973  4500</marc:leader>
          <marc:controlfield tag="001">190435</marc:controlfield>
          <marc:controlfield tag="003">AUGdb</marc:controlfield>
          <marc:controlfield tag="004">62833</marc:controlfield>
          <marc:controlfield tag="005">20090220171839.0</marc:controlfield>
          <marc:controlfield tag="008">0306080p    8   4001aueng0000000</marc:controlfield>
          <marc:datafield tag="852" ind1="0" ind2=" ">
            <marc:subfield code="b">childrens</marc:subfield>
            <marc:subfield code="h">PZ7.C861</marc:subfield>
            <marc:subfield code="i">W36 2000</marc:subfield>
            <marc:subfield code="x">PO 80-118</marc:subfield>
          </marc:datafield>
        </marc:record>
      </metadata>
    </record>