
    <record>
      <header>
        <identifier>oai:library.rochester.edu:URVoyager1/340</identifier>
        <datestamp>2012-06-05T18:30:02Z</datestamp>
        <setSpec>bib</setSpec>
      </header>
      <metadata>
        <marc:record xmlns:marc="http://www.loc.gov/MARC21/slim" xmlns:xsi="http://www.w3.org/2001/XMLSchema-instance" xsi:schemaLocation="http://www.loc.gov/MARC21/slim http://localhost:8080/OAIToolkit/schema/MARC21slim_custom.xsd">
          <marc:leader>00808cam a2200289 i 4500</marc:leader>
          <marc:controlfield tag="001">166524</marc:controlfield>
          <marc:controlfield tag="003">IWUdb</marc:controlfield>
          <marc:controlfield tag="005">20020503133236.0</marc:controlfield>
          <marc:controlfield tag="008">760420s1976    nyu           000 0ceng  </marc:controlfield>
          <marc:datafield tag="010" ind1=" " ind2=" ">
            <marc:subfield code="a">  72076164</marc:subfield>
          </marc:datafield>
          <marc:datafield tag="019" ind1=" " ind2=" ">
            <marc:subfield code="a">2689776</marc:subfield>
            <marc:subfield code="a">16650499</marc:subfield>
          </marc:datafield>
          <marc:datafield tag="020" ind1=" " ind2=" ">
            <marc:subfield code="a">0385037872 :</marc:subfield>
            <marc:subfield code="c">$12.50</marc:subfield>
          </marc:datafield>
          <marc:datafield tag="035" ind1=" " ind2=" ">
            <marc:subfield code="9">AXE-6179</marc:subfield>
          </marc:datafield>
          <marc:datafield tag="040" ind1=" " ind2=" ">
            <marc:subfield code="a">DLC</marc:subfield>
            <marc:subfield code="c">DLC</marc:subfield>
            <marc:subfield code="d">UIU</marc:subfield>
          </marc:datafield>
          <marc:datafield tag="043" ind1=" " ind2=" ">
            <marc:subfield code="a">n-us---</marc:subfield>
            <marc:subfield code="a">f-gm---</marc:subfield>
          </marc:datafield>
          <marc:datafield tag="050" ind1="0" ind2=" ">
            <marc:subfield code="a">E185.97.H24</marc:subfield>
            <marc:subfield code="b">A33</marc:subfield>
          </marc:datafield>
          <marc:datafield tag="082" ind1=" " ind2=" ">
            <marc:subfield code="a">929/.2/0973</marc:subfield>
          </marc:datafield>
          <marc:datafield tag="100" ind1="1" ind2=" ">
            <marc:subfield code="a">Haley, Alex.</marc:subfield>
          </marc:datafield>
          <marc:datafield tag="245" ind1="1" ind2="0">
            <marc:subfield code="a">Roots /</marc:subfield>
            <marc:subfield code="c">Alex Haley.</marc:subfield>
          </marc:datafield>
          <marc:datafield tag="250" ind1=" " ind2=" ">
            <marc:subfield code="a">1st ed.</marc:subfield>
          </marc:datafield>
          <marc:datafield tag="260" ind1=" " ind2=" ">
            <marc:subfield code="a">Garden City, N.Y. :</marc:subfield>
            <marc:subfield code="b">Doubleday,</marc:subfield>
            <marc:subfield code="c">1976.</marc:subfield>
          </marc:datafield>
          <marc:datafield tag="300" ind1=" " ind2=" ">
            <marc:subfield code="a">viii, 688 p. ;</marc:subfield>
            <marc:subfield code="c">24 cm.</marc:subfield>
          </marc:datafield>
          <marc:datafield tag="500" ind1=" " ind2=" ">
            <marc:subfield code="a">"A condensed version of a portion of this work first appeared in Reader's digest."</marc:subfield>
          </marc:datafield>
          <marc:datafield tag="600" ind1="1" ind2="0">
            <marc:subfield code="a">Haley, Alex.</marc:subfield>
          </marc:datafield>
          <marc:datafield tag="600" ind1="3" ind2="0">
            <marc:subfield code="a">Haley family</marc:subfield>
          </marc:datafield>
          <marc:datafield tag="600" ind1="3" ind2="0">
            <marc:subfield code="a">Kinte family</marc:subfield>
          </marc:datafield>
          <marc:datafield tag="650" ind1=" " ind2="0">
            <marc:subfield code="a">African Americans</marc:subfield>
            <marc:subfield code="v">Biography.</marc:subfield>
          </marc:datafield>
        </marc:record>
      </metadata>
    </record>
    <record>
      <header>
        <identifier>oai:library.rochester.edu:URVoyager1/341</identifier>
        <datestamp>2012-06-05T18:30:02Z</datestamp>
        <setSpec>hold</setSpec>
      </header>
      <metadata>
        <marc:record xmlns:marc="http://www.loc.gov/MARC21/slim" xmlns:xsi="http://www.w3.org/2001/XMLSchema-instance" xsi:schemaLocation="http://www.loc.gov/MARC21/slim http://localhost:8080/OAIToolkit/schema/MARC21slim_custom.xsd">
          <marc:leader>00233nx  a22001215  4500</marc:leader>
          <marc:controlfield tag="001">187571</marc:controlfield>
          <marc:controlfield tag="003">IWUdb</marc:controlfield>
          <marc:controlfield tag="004">166524</marc:controlfield>
          <marc:controlfield tag="007">ta</marc:controlfield>
          <marc:controlfield tag="008">9807302u    0   4001uueng0980730</marc:controlfield>
          <marc:datafield tag="014" ind1="1" ind2=" ">
            <marc:subfield code="a">AXE-6179</marc:subfield>
          </marc:datafield>
          <marc:datafield tag="014" ind1="0" ind2=" ">
            <marc:subfield code="9">BPO-8640</marc:subfield>
          </marc:datafield>
          <marc:datafield tag="852" ind1="0" ind2=" ">
            <marc:subfield code="b">stx</marc:subfield>
            <marc:subfield code="h">E185.97.H24</marc:subfield>
            <marc:subfield code="i">A33</marc:subfield>
            <marc:subfield code="t">1</marc:subfield>
          </marc:datafield>
        </marc:record>
      </metadata>
    </record>