
    <record>
      <header>
        <identifier>oai:library.rochester.edu:URVoyager1/342</identifier>
        <datestamp>2012-06-05T18:30:03Z</datestamp>
        <setSpec>bib</setSpec>
      </header>
      <metadata>
        <marc:record xmlns:marc="http://www.loc.gov/MARC21/slim" xmlns:xsi="http://www.w3.org/2001/XMLSchema-instance" xsi:schemaLocation="http://www.loc.gov/MARC21/slim http://localhost:8080/OAIToolkit/schema/MARC21slim_custom.xsd">
          <marc:leader>01833cam a2200481Ia 4500</marc:leader>
          <marc:controlfield tag="001">252483</marc:controlfield>
          <marc:controlfield tag="003">PRCdb</marc:controlfield>
          <marc:controlfield tag="005">20120418112618.0</marc:controlfield>
          <marc:controlfield tag="006">m        d        </marc:controlfield>
          <marc:controlfield tag="007">cr cn|</marc:controlfield>
          <marc:controlfield tag="008">090311s2009    nyua    ob    001 0 eng d</marc:controlfield>
          <marc:datafield tag="019" ind1=" " ind2=" ">
            <marc:subfield code="a">495284321</marc:subfield>
            <marc:subfield code="a">500978687</marc:subfield>
            <marc:subfield code="a">646788531</marc:subfield>
          </marc:datafield>
          <marc:datafield tag="020" ind1=" " ind2=" ">
            <marc:subfield code="a">9780387684369</marc:subfield>
          </marc:datafield>
          <marc:datafield tag="020" ind1=" " ind2=" ">
            <marc:subfield code="a">0387684360</marc:subfield>
          </marc:datafield>
          <marc:datafield tag="020" ind1=" " ind2=" ">
            <marc:subfield code="a">0387402934 (cloth)</marc:subfield>
          </marc:datafield>
          <marc:datafield tag="020" ind1=" " ind2=" ">
            <marc:subfield code="a">9780387402932 (cloth)</marc:subfield>
          </marc:datafield>
          <marc:datafield tag="024" ind1="8" ind2=" ">
            <marc:subfield code="a">9786611926861</marc:subfield>
          </marc:datafield>
          <marc:datafield tag="035" ind1=" " ind2=" ">
            <marc:subfield code="a">(OCoLC)ocn314182885</marc:subfield>
          </marc:datafield>
          <marc:datafield tag="037" ind1=" " ind2=" ">
            <marc:subfield code="a">978-0-387-40293-2</marc:subfield>
            <marc:subfield code="b">Springer</marc:subfield>
            <marc:subfield code="n">http://www.springerlink.com</marc:subfield>
          </marc:datafield>
          <marc:datafield tag="040" ind1=" " ind2=" ">
            <marc:subfield code="a">GW5XE</marc:subfield>
            <marc:subfield code="b">eng</marc:subfield>
            <marc:subfield code="c">GW5XE</marc:subfield>
            <marc:subfield code="d">OCLCQ</marc:subfield>
            <marc:subfield code="d">MND</marc:subfield>
            <marc:subfield code="d">UWW</marc:subfield>
            <marc:subfield code="d">CEF</marc:subfield>
            <marc:subfield code="d">NUI</marc:subfield>
            <marc:subfield code="d">UAB</marc:subfield>
            <marc:subfield code="d">E7B</marc:subfield>
          </marc:datafield>
          <marc:datafield tag="049" ind1=" " ind2=" ">
            <marc:subfield code="a">ILLA</marc:subfield>
          </marc:datafield>
          <marc:datafield tag="050" ind1=" " ind2="4">
            <marc:subfield code="a">QA10.3</marc:subfield>
            <marc:subfield code="b">.G58 2009eb</marc:subfield>
          </marc:datafield>
          <marc:datafield tag="082" ind1="0" ind2="4">
            <marc:subfield code="a">511.324</marc:subfield>
            <marc:subfield code="2">22</marc:subfield>
          </marc:datafield>
          <marc:datafield tag="100" ind1="1" ind2=" ">
            <marc:subfield code="a">Givant, Steven R.</marc:subfield>
          </marc:datafield>
          <marc:datafield tag="245" ind1="1" ind2="0">
            <marc:subfield code="a">Introduction to boolean algebras</marc:subfield>
            <marc:subfield code="h">[electronic resource] /</marc:subfield>
            <marc:subfield code="c">Steven Givant, Paul Halmos.</marc:subfield>
          </marc:datafield>
          <marc:datafield tag="260" ind1=" " ind2=" ">
            <marc:subfield code="a">New York :</marc:subfield>
            <marc:subfield code="b">Springer,</marc:subfield>
            <marc:subfield code="c">c2009.</marc:subfield>
          </marc:datafield>
          <marc:datafield tag="300" ind1=" " ind2=" ">
            <marc:subfield code="a">1 online resource (xiv, 574 p.) :</marc:subfield>
            <marc:subfield code="b">ill.</marc:subfield>
          </marc:datafield>
          <marc:datafield tag="490" ind1="1" ind2=" ">
            <marc:subfield code="a">Undergraduate texts in mathematics,</marc:subfield>
            <marc:subfield code="x">0172-6056</marc:subfield>
          </marc:datafield>
          <marc:datafield tag="504" ind1=" " ind2=" ">
            <marc:subfield code="a">Includes bibliographical references (p. [536]-541) and index.</marc:subfield>
          </marc:datafield>
          <marc:datafield tag="538" ind1=" " ind2=" ">
            <marc:subfield code="a">Mode of access: World Wide Web.</marc:subfield>
          </marc:datafield>
          <marc:datafield tag="588" ind1=" " ind2=" ">
            <marc:subfield code="a">Description based on print version record.</marc:subfield>
          </marc:datafield>
          <marc:datafield tag="650" ind1=" " ind2="0">
            <marc:subfield code="a">Algebra, Boolean.</marc:subfield>
          </marc:datafield>
          <marc:datafield tag="650" ind1="1" ind2="4">
            <marc:subfield code="a">Mathematics.</marc:subfield>
          </marc:datafield>
          <marc:datafield tag="650" ind1="2" ind2="4">
            <marc:subfield code="a">Order, Lattices, Ordered Algebraic Structures.</marc:subfield>
          </marc:datafield>
          <marc:datafield tag="650" ind1="2" ind2="4">
            <marc:subfield code="a">Mathematical Logic and Foundations.</marc:subfield>
          </marc:datafield>
          <marc:datafield tag="655" ind1=" " ind2="0">
            <marc:subfield code="a">Electronic books.</marc:subfield>
          </marc:datafield>
          <marc:datafield tag="700" ind1="1" ind2=" ">
            <marc:subfield code="a">Halmos, Paul R.</marc:subfield>
            <marc:subfield code="q">(Paul Richard),</marc:subfield>
            <marc:subfield code="d">1916-2006.</marc:subfield>
          </marc:datafield>
          <marc:datafield tag="776" ind1="0" ind2="8">
            <marc:subfield code="i">Print version:</marc:subfield>
            <marc:subfield code="a">Givant, Steven R.</marc:subfield>
            <marc:subfield code="t">Introduction to boolean algebras.</marc:subfield>
            <marc:subfield code="d">New York : Springer, c2009</marc:subfield>
            <marc:subfield code="z">9780387402932</marc:subfield>
            <marc:subfield code="z">0387402934</marc:subfield>
            <marc:subfield code="w">(OCoLC)258078751</marc:subfield>
          </marc:datafield>
          <marc:datafield tag="830" ind1=" " ind2="0">
            <marc:subfield code="a">Undergraduate texts in mathematics.</marc:subfield>
          </marc:datafield>
          <marc:datafield tag="852" ind1=" " ind2=" ">
            <marc:subfield code="b">springerbk</marc:subfield>
            <marc:subfield code="t">1</marc:subfield>
          </marc:datafield>
          <marc:datafield tag="856" ind1="4" ind2="0">
            <marc:subfield code="u">http://ezproxy.prin.edu:2048/login?url=http://dx.doi.org/10.1007/978-0-387-68436-9</marc:subfield>
          </marc:datafield>
          <marc:datafield tag="938" ind1=" " ind2=" ">
            <marc:subfield code="a">ebrary</marc:subfield>
            <marc:subfield code="b">EBRY</marc:subfield>
            <marc:subfield code="n">ebr10269541</marc:subfield>
          </marc:datafield>
          <marc:datafield tag="994" ind1=" " ind2=" ">
            <marc:subfield code="a">92</marc:subfield>
            <marc:subfield code="b">ILL</marc:subfield>
          </marc:datafield>
        </marc:record>
      </metadata>
    </record>
    <record>
      <header>
        <identifier>oai:library.rochester.edu:URVoyager1/343</identifier>
        <datestamp>2012-06-05T18:30:03Z</datestamp>
        <setSpec>hold</setSpec>
      </header>
      <metadata>
        <marc:record xmlns:marc="http://www.loc.gov/MARC21/slim" xmlns:xsi="http://www.w3.org/2001/XMLSchema-instance" xsi:schemaLocation="http://www.loc.gov/MARC21/slim http://localhost:8080/OAIToolkit/schema/MARC21slim_custom.xsd">
          <marc:leader>00285cx  a22001091  4500</marc:leader>
          <marc:controlfield tag="001">258184</marc:controlfield>
          <marc:controlfield tag="003">PRCdb</marc:controlfield>
          <marc:controlfield tag="004">252483</marc:controlfield>
          <marc:controlfield tag="005">20120418154416.0</marc:controlfield>
          <marc:controlfield tag="008">1108090u||||8|||4001uu|||0000000</marc:controlfield>
          <marc:datafield tag="852" ind1=" " ind2=" ">
            <marc:subfield code="b">springerbk</marc:subfield>
            <marc:subfield code="t">1</marc:subfield>
          </marc:datafield>
          <marc:datafield tag="856" ind1="4" ind2="0">
            <marc:subfield code="u">http://ezproxy.prin.edu:2048/login?url=http://dx.doi.org/10.1007/978-0-387-68436-9</marc:subfield>
          </marc:datafield>
        </marc:record>
      </metadata>
    </record>