
    <record>
      <header>
        <identifier>oai:library.rochester.edu:URVoyager1/348</identifier>
        <datestamp>2012-06-05T18:30:03Z</datestamp>
        <setSpec>bib</setSpec>
      </header>
      <metadata>
        <marc:record xmlns:marc="http://www.loc.gov/MARC21/slim" xmlns:xsi="http://www.w3.org/2001/XMLSchema-instance" xsi:schemaLocation="http://www.loc.gov/MARC21/slim http://localhost:8080/OAIToolkit/schema/MARC21slim_custom.xsd">
          <marc:leader>01254cam a2200373 a 4500</marc:leader>
          <marc:controlfield tag="001">123354</marc:controlfield>
          <marc:controlfield tag="003">PRCdb</marc:controlfield>
          <marc:controlfield tag="005">20080520131223.0</marc:controlfield>
          <marc:controlfield tag="008">990727s2000    nyu    c      000 1 eng  </marc:controlfield>
          <marc:datafield tag="010" ind1=" " ind2=" ">
            <marc:subfield code="a">   99042699</marc:subfield>
          </marc:datafield>
          <marc:datafield tag="020" ind1=" " ind2=" ">
            <marc:subfield code="a">9780060277307</marc:subfield>
          </marc:datafield>
          <marc:datafield tag="020" ind1=" " ind2=" ">
            <marc:subfield code="a">0060277300</marc:subfield>
          </marc:datafield>
          <marc:datafield tag="020" ind1=" " ind2=" ">
            <marc:subfield code="a">9780060277314 (lib. bdg.)</marc:subfield>
          </marc:datafield>
          <marc:datafield tag="020" ind1=" " ind2=" ">
            <marc:subfield code="a">0060277319 (lib. bdg.)</marc:subfield>
          </marc:datafield>
          <marc:datafield tag="035" ind1=" " ind2=" ">
            <marc:subfield code="9">173207</marc:subfield>
          </marc:datafield>
          <marc:datafield tag="040" ind1=" " ind2=" ">
            <marc:subfield code="a">DLC</marc:subfield>
            <marc:subfield code="c">DLC</marc:subfield>
            <marc:subfield code="d">IBP</marc:subfield>
          </marc:datafield>
          <marc:datafield tag="042" ind1=" " ind2=" ">
            <marc:subfield code="a">lcac</marc:subfield>
          </marc:datafield>
          <marc:datafield tag="049" ind1=" " ind2=" ">
            <marc:subfield code="a">IBPA</marc:subfield>
            <marc:subfield code="b">MBL</marc:subfield>
          </marc:datafield>
          <marc:datafield tag="050" ind1="0" ind2="0">
            <marc:subfield code="a">PZ7.C8615</marc:subfield>
            <marc:subfield code="b">Wan 2000</marc:subfield>
          </marc:datafield>
          <marc:datafield tag="100" ind1="1" ind2=" ">
            <marc:subfield code="a">Creech, Sharon.</marc:subfield>
          </marc:datafield>
          <marc:datafield tag="245" ind1="1" ind2="4">
            <marc:subfield code="a">The Wanderer /</marc:subfield>
            <marc:subfield code="c">by Sharon Creech ; drawings by David Diaz.</marc:subfield>
          </marc:datafield>
          <marc:datafield tag="260" ind1=" " ind2=" ">
            <marc:subfield code="a">New York :</marc:subfield>
            <marc:subfield code="b">HarperCollinsPublishers,</marc:subfield>
            <marc:subfield code="c">2000.</marc:subfield>
          </marc:datafield>
          <marc:datafield tag="300" ind1=" " ind2=" ">
            <marc:subfield code="a">305 p. ;</marc:subfield>
            <marc:subfield code="c">22 cm.</marc:subfield>
          </marc:datafield>
          <marc:datafield tag="500" ind1=" " ind2=" ">
            <marc:subfield code="a">"Joanna Cotler books."</marc:subfield>
          </marc:datafield>
          <marc:datafield tag="520" ind1=" " ind2=" ">
            <marc:subfield code="a">Thirteen-year-old Sophie and her cousin Cody record their transatlantic crossing aboard the Wanderer, a forty-five foot sailboat, which, along with uncles and another cousin, is en route to visit their grandfather in England.</marc:subfield>
          </marc:datafield>
          <marc:datafield tag="586" ind1=" " ind2=" ">
            <marc:subfield code="a">Newbery Honor Medal Winner, 2000</marc:subfield>
          </marc:datafield>
          <marc:datafield tag="650" ind1=" " ind2="1">
            <marc:subfield code="a">Sailboats</marc:subfield>
            <marc:subfield code="v">Fiction.</marc:subfield>
          </marc:datafield>
          <marc:datafield tag="650" ind1=" " ind2="1">
            <marc:subfield code="a">Sailing.</marc:subfield>
            <marc:subfield code="v">Fiction.</marc:subfield>
          </marc:datafield>
          <marc:datafield tag="650" ind1=" " ind2="1">
            <marc:subfield code="a">Ocean voyages</marc:subfield>
            <marc:subfield code="v">Fiction.</marc:subfield>
          </marc:datafield>
          <marc:datafield tag="650" ind1=" " ind2="1">
            <marc:subfield code="a">Family life.</marc:subfield>
            <marc:subfield code="v">Fiction.</marc:subfield>
          </marc:datafield>
          <marc:datafield tag="650" ind1=" " ind2="1">
            <marc:subfield code="a">Grandfathers</marc:subfield>
            <marc:subfield code="v">Fiction.</marc:subfield>
          </marc:datafield>
          <marc:datafield tag="650" ind1=" " ind2="1">
            <marc:subfield code="a">Sea stories.</marc:subfield>
          </marc:datafield>
          <marc:datafield tag="700" ind1="1" ind2=" ">
            <marc:subfield code="a">Diaz, David.</marc:subfield>
            <marc:subfield code="e">ill.</marc:subfield>
          </marc:datafield>
          <marc:datafield tag="994" ind1=" " ind2=" ">
            <marc:subfield code="a">E0</marc:subfield>
            <marc:subfield code="b">IBP</marc:subfield>
          </marc:datafield>
        </marc:record>
      </metadata>
    </record>
    <record>
      <header>
        <identifier>oai:library.rochester.edu:URVoyager1/349</identifier>
        <datestamp>2012-06-05T18:30:03Z</datestamp>
        <setSpec>hold</setSpec>
      </header>
      <metadata>
        <marc:record xmlns:marc="http://www.loc.gov/MARC21/slim" xmlns:xsi="http://www.w3.org/2001/XMLSchema-instance" xsi:schemaLocation="http://www.loc.gov/MARC21/slim http://localhost:8080/OAIToolkit/schema/MARC21slim_custom.xsd">
          <marc:leader>00228cx  a22001093  4500</marc:leader>
          <marc:controlfield tag="001">133711</marc:controlfield>
          <marc:controlfield tag="003">PRCdb</marc:controlfield>
          <marc:controlfield tag="004">123354</marc:controlfield>
          <marc:controlfield tag="005">20080603200536.0</marc:controlfield>
          <marc:controlfield tag="008">0806030p    8   4001aueng0000000</marc:controlfield>
          <marc:datafield tag="014" ind1="1" ind2=" ">
            <marc:subfield code="a">173207</marc:subfield>
          </marc:datafield>
          <marc:datafield tag="852" ind1="0" ind2=" ">
            <marc:subfield code="b">childrens</marc:subfield>
            <marc:subfield code="h">PZ7.C8615 Wan 2000</marc:subfield>
            <marc:subfield code="t">1</marc:subfield>
          </marc:datafield>
        </marc:record>
      </metadata>
    </record>
  </ListRecords>
</OAI-PMH>
